@book{VT86,
    author    = { {Василенко Г.И.} and {Тараторин А.М.} },
    title     = { Восстановление изображений },
    publisher = { Радио и связь },
    address   = { М. },
    year      = { 1986 },
    numpages  = { 304 },
    language  = { russian }
}

@book{Ps80,
    author    = { {Пшеничный Б.Н.} },
    title     = { Выпуклый анализ и экстремальные задачи },
    publisher = { Наука. Главная редакция физико-математической литературы },
    address   = { М. },
    year      = { 1980 },
    numpages  = { 320 },
    language  = { russian }
}

@book{BL08,
    author    = { {Белов Ю.Я.} and {Любанова А.Ш.} and {Полынцева С.В.} and {Сорокин Р.В.} and {Фроленков И.В.} },
    title     = { Обратные задачи математической физики. Учебное пособие },
    year      = { 2008 },
    publisher = { СФУ },
    address   = { Красноярск },
    numpages  = { 153 },
    language  = { russian }
}

@book{BGT09,
    author    = { {Борухов В.Т.} and {Гайшун И.В.} and {Тимошпольский И.В.} },
    title     = { Структурные свойства динамических систем и обратные задачи математической физики },
    year      = { 2009 },
    publisher = { Белорусская навука },
    address   = { Минск },
    numpages  = { 174 },
    isbn      = { 978-985-08-1037-3 },
    language  = { russian }
}

@article{Va14,
    title     = { Компьютерное зрение. Лекция },
    author    = { {Вахитов А.} },
    year      = { 2014 },
    month     = { Apr },
    url       = { http://se.math.spbu.ru/SE/Members/avakhitov/g.pdf }
}
