@book{lesson1:cormen,
    title       = { Алгоритмы: построение и анализ },
    author      = { Кормен, Томас Х. and
        Лейзерсон, Чарльз И. and
        Ривест, Рональд Л. and
        Штайн, Клиффорд },
    publisher   = { Издательский дом \enquote{Вильямс} },
    isbn        = { 978-5-8459-1794-2 },
    year        = { 2013 },
    edition     = { 3 },
    langid      = { russian },
    keywords    = { lesson1 }
}

@book{lesson1:aho,
    title       = { Compilers: principles, techniques, \& tools },
    author      = { Aho, Alfred V. and
        Lam, Monica S. and
        Sethi, Ravi and
        Ullman, Jeffrey D. },
    publisher   = { Pearson / Addison Wesley },
    isbn        = { 978-0-32148-681-3, 0-321-48681-1 },
    year        = { 2007 },
    edition     = { 2 },
    langid      = { english },
    keywords    = { lesson1 }
}

@book{lesson1:coq,
    title       = { Interactive Theorem Proving and Program Development: Coq'Art: The Calculus of Inductive Constructions },
    author      = { Bertot, Yves and Cast\'{e}ran, Pierre },
    publisher   = { Springer },
    isbn        = { 3-540-20854-2 },
    year        = { 2004 },
    series      = { Texts in Theoretical Computer Science. An EATCS Series },
    langid      = { english },
    keywords    = { lesson1 }
}

@book{lesson1:key,
    title       = { Deductive Software Verification~--- The KeY Book: From Theory to Practice },
    author      = { Ahrendt, Wolfgang and
        Beckert, Bernhard and
        Bubel, Richard and
        H\"{a}hnle, Reiner and
        Schmitt, Peter H. and
        Ulbrich, Mattias },
    publisher   = { Springer International Publishing },
    isbn        = { 978-3-319-49811-9, 978-3-319-49812-6 },
    year        = { 2016 },
    series      = { Lecture Notes in Computer Science 10001 },
    edition     = { 1 },
    langid      = { english },
    keywords    = { lesson1 }
}

@book{lesson2:belov,
    author      = { Белов, Ю. Я. and
        Любанова, А. Ш. and
        Полынцева, С. В. and
        Сорокин, Р. В. and
        Фроленков, И. В. },
    title       = { Обратные задачи математической физики. Учебное пособие },
    year        = { 2008 },
    publisher   = { СФУ },
    address     = { Красноярск },
    numpages    = { 153 },
    langid      = { russian },
    keywords    = { lesson2 }
}

@book{lesson2:boruhov,
    title       = { Структурные свойства динамических систем и обратные задачи математической физики },
    author      = { Борухов, В. Т. and Гайшун, И. В. and Тимошпольский, В. И. },
    publisher   = { Беларуская навука },
    isbn        = { 978-985-08-1037-3, 985-08-1037-8 },
    year        = { 2009 },
    numpages    = { 176 },
    langid      = { russian },
    keywords    = { lesson2 }
}

@book{lesson2:vasilenko,
    title       = { Восстановление изображений },
    author      = { Василенко, Георгий Иванович and Тараторин, Александр Маркович },
    publisher   = { Радио и связь },
    address     = { Москва },
    year        = { 1986 },
    numpages    = { 303 },
    langid      = { russian },
    keywords    = { lesson2 }
}

@book{lesson2:pshenichny,
    title       = { Выпуклый анализ и экстремальные задачи },
    author      = { Пшеничный, Б. Н. },
    publisher   = { Наука },
    address     = { Москва },
    isbn        = { 1-70207-013-1 },
    year        = { 1980 },
    numpages    = { 322 },
    langid      = { russian },
    keywords    = { lesson2 }
}

@book{main:lozovskaya,
    author      = { Лозовская, Людмила Борисовна and Морозов, Олег Александрович },
    title       = { Педагогическая практика в магистратуре. Методические указания: Учебно-методическое пособие },
    publisher   = { Нижегородский госуниверситет },
    address     = { Нижний Новгород },
    year        = { 2020 },
    numpages    = { 24 },
    langid      = { russian },
    keywords    = { main }
}

@book{main:fz,
    title       = { Федеральный закон №273-ФЗ \enquote{Об образовании в Российской Федерации} от 29 декабря 2012 г. },
    langid      = { russian },
    keywords    = { main }
}

@book{main:pidkasisty,
    author      = { Пидкасистый, П. И. },
    editor      = { Пидкасистого, П. И. },
    title       = { Педагогика. Учебное пособие },
    publisher   = { Издательство Юрайт },
    address     = { Москва },
    year        = { 2017 },
    numpages    = { 408 },
    langid      = { russian },
    keywords    = { main }
}

@book{main:kodjaspirov,
    author      = { Коджаспирова, Г. М. and Коджаспиров, А. Ю. },
    title       = { Педагогический словарь },
    publisher   = { Издательский центр \enquote{Академия} },
    address     = { Москва },
    year        = { 2003 },
    numpages    = { 176 },
    langid      = { russian },
    keywords    = { main }
}
